<?xml version="1.0" encoding="UTF-8"?><collection xmlns="http://www.loc.gov/MARC21/slim"><record><leader>00338nam--2200121-i-4500</leader><controlfield tag="001">000013282</controlfield><controlfield tag="002">20161230</controlfield><controlfield tag="005">20161230201030</controlfield><controlfield tag="008">060222s1000------------r-----000-0-eng-d</controlfield><datafield ind1=" " ind2=" " tag="080"><subfield code="a">550.34</subfield></datafield><datafield ind1=" " ind2=" " tag="245"><subfield code="a">Contribution to the study of friuli earthquake of may, 1976</subfield></datafield><datafield ind1=" " ind2=" " tag="260"><subfield code="a">Rome, Cnen-enel Commision On Seismic Problems 135 P</subfield></datafield><datafield ind1=" " ind2=" " tag="852"><subfield code="a">48219</subfield></datafield></record></collection>